@article{scholarpedia,
	author={Trenti, Michele and Hut, Piet},
	title={N-body simulations (gravitational)},
	journal={Scholarpedia}, 
	year = "2008",
	url="http://www.scholarpedia.org/article/N-body_simulations", 
	note = "[Online; accessed 23-October-2017], available at \url{http://www.scholarpedia.org/article/N-body_simulations}"
}

@misc{barnespic,
	author = {Elucidation},
	title = "{Barnes-Hut} {N-body} {Simulation} in {HTML/Javascript}",
	year = {2011},
	url = {https://github.com/Elucidation/Barnes-Hut-Tree-N-body-Implementation-in-HTML-Js},
	note = "[Online; accessed 24-October-2017], available at \url{https://github.com/Elucidation/Barnes-Hut-Tree-N-body-Implementation-in-HTML-Js}"
}

@misc{nbodypic,
	author = "\relax{Universe Sandbox}",
	title = "{Working} {Through} the {N-Body} {Problem} in {Universe Sandbox$^2$}",
	year = {2017},
	url = {http://universesandbox.com/blog/2016/02/n-body-problem/},
	note = "[Online; accessed 24-October-2017], available at \url{http://universesandbox.com/blog/2016/02/n-body-problem/}"
}

@misc{history,
	Author = {Rio Yokota and Lorena A. Barba},
	title   = "{Fast} {N-body} {Simulations} on {GPUs}",
	Howpublished = {Mechanical Engineering Dept., Boston University, Boston MA},
	Year = {2011}
}

@misc{teraflops,
	Author = {Tsuyoshi Hamada and Keigo Nitadori},
	title   = "190 {TFlops} {Astrophysical} {N-body} {Simulation} on a {Cluster} of {GPUs}",
	Howpublished = {SC '10: Proceedings of the 2010 ACM/IEEE International Conference for High Performance Computing, Networking, Storage and Analysis},
	Year = {2010},
	isbn = {978-1-4244-7559-9}
}

@misc{wikitesla,
	author = "Wikipedia",
 	title = "{GeForce} 200 series",
 	year = "2017",
 	url="https://en.wikipedia.org/wiki/GeForce_200_series",
 	note = "[Online; accessed 25-October-2017], available at \url{https://en.wikipedia.org/wiki/GeForce_200_series}"
}

@misc{camb_book,
	author  = {Sverre J. Aarseth},
	title   = "{Gravitational} {N-Body} {Simulations}",
	publisher = "Cambridge University Press",
	year = {2003},
	isbn = {0521432723}
}

@misc{gif,
	author = {Charlie Tangora},
	title = "{gif-h}",
	year = {2014},
	url = {https://github.com/ginsweater/gif-h},
	note = "[Online; accessed 7-November-2017], available at \url{https://github.com/ginsweater/gif-h}"
}

@misc{nvidia-article,
	author = "NVIDIA",
	title = "{GPU} {Gems} 3, {Chapter} 31",
	year = "2007",
	url="https://developer.nvidia.com/gpugems/GPUGems3/gpugems3_ch31.html",
	note = "[Online; accessed 9-December-2017], available at \url{https://developer.nvidia.com/gpugems/GPUGems3/gpugems3_ch31.html}"
}

@misc{ark,
	author = "Intel",
	title = "{Intel®} {Xeon} {Phi™} {Coprocessor} {7120X} {Product} {Specifications}",
	year = "2017",
	url="https://ark.intel.com/products/75800/Intel-Xeon-Phi-Coprocessor-7120X-16GB-1_238-GHz-61-core",
	note = "[Online; accessed 11-December-2017], available at \url{https://ark.intel.com/products/75800/Intel-Xeon-Phi-Coprocessor-7120X-16GB-1_238-GHz-61-core}"
}

@misc{tpu,
	author = "TechPowerUp",
	title = "{Intel} {Xeon} {Phi} {7120X} | {TechPowerUp} {GPU} {Database}",
	year = "2017",
	url="https://www.techpowerup.com/gpudb/2481/xeon-phi-7120x",
	note = "[Online; accessed 11-December-2017], available at \url{https://www.techpowerup.com/gpudb/2481/xeon-phi-7120x}"
}

@ARTICLE{constant,
	author = {{Mohr}, P.~J. and {Newell}, D.~B. and {Taylor}, B.~N.},
	title = "{CODATA recommended values of the fundamental physical constants: 2014*}",
	journal = {Reviews of Modern Physics},
	archivePrefix = "arXiv",
	eprint = {1507.07956},
	primaryClass = "physics.atom-ph",
	year = 2016,
	month = jul,
	volume = 88,
	number = 3,
	eid = {035009},
	pages = {035009},
	doi = {10.1103/RevModPhys.88.035009},
	adsurl = {http://adsabs.harvard.edu/abs/2016RvMP...88c5009M},
	adsnote = {Provided by the SAO/NASA Astrophysics Data System}
}

